@article{shkel2001classification,
  title={Classification of the Dubins set},
  author={Shkel, Andrei M and Lumelsky, Vladimir},
  journal={Robotics and Autonomous Systems},
  volume={34},
  number={4},
  pages={179--202},
  year={2001},
  publisher={Elsevier}
}

@article{chen2019shortest,
  title={Shortest Dubins paths through three points},
  author={Chen, Zheng and Shima, Tal},
  journal={Automatica},
  volume={105},
  pages={368--375},
  year={2019},
  publisher={Elsevier}
}

@article{jha2020shortest,
  title={On shortest Dubins path via a circular boundary},
  author={Jha, Bhargav and Chen, Zheng and Shima, Tal},
  journal={Automatica},
  volume={121},
  pages={109192},
  year={2020},
  publisher={Elsevier}
}

@article{duits2018optimal,
  title={Optimal paths for variants of the 2D and 3D Reeds--Shepp car with applications in image analysis},
  author={Duits, Remco and Meesters, Stephan PL and Mirebeau, J-M and Portegies, Jorg M},
  journal={Journal of Mathematical Imaging and Vision},
  volume={60},
  pages={816--848},
  year={2018},
  publisher={Springer}
}

@article{bertolazzi2015g1,
  title={G1 fitting with clothoids},
  author={Bertolazzi, Enrico and Frego, Marco},
  journal={Mathematical Methods in the Applied Sciences},
  volume={38},
  number={5},
  pages={881--897},
  year={2015},
  publisher={Wiley Online Library}
}

@article{bertolazzi2018clothoids,
  title={Clothoids: a C++ library with Matlab interface for the handling of clothoid curves},
  author={Bertolazzi, Enrico and Bevilacqua, Paolo and Frego, Marco and others},
  journal={Rend. Sem. Mat. Univ. Pol. Torino},
  volume={76},
  number={2},
  pages={47--56},
  year={2018}
}

@article{bertolazzi2018g2,
  title={On the G2 Hermite interpolation problem with clothoids},
  author={Bertolazzi, Enrico and Frego, Marco},
  journal={Journal of Computational and Applied Mathematics},
  volume={341},
  pages={99--116},
  year={2018},
  publisher={Elsevier}
}

@article{biral2016notes,
  title={Notes on numerical methods for solving optimal control problems},
  author={Biral, Francesco and Bertolazzi, Enrico and Bosetti, Paolo},
  journal={IEEJ Journal of Industry Applications},
  volume={5},
  number={2},
  pages={154--166},
  year={2016},
  publisher={The Institute of Electrical Engineers of Japan}
}

@article{zhu2015planar,
  title={Planar tilting maneuver of a spacecraft: singular arcs in the minimum time problem and chattering},
  author={Zhu, Jiamin and Tr{\'e}lat, Emmanuel and Cerf, Max},
  journal={arXiv preprint arXiv:1504.06219},
  year={2015}
}